
@ARTICLE{Peters2010,
   author = {{Peters}, T. and {Banerjee}, R. and {Klessen}, R.~S. and {Mac Low}, M.-M. and 
	{Galv{\'a}n-Madrid}, R. and {Keto}, E.~R.},
    title = "{H II Regions: Witnesses to Massive Star Formation}",
  journal = {\apj},
archivePrefix = "arXiv",
   eprint = {1001.2470},
 primaryClass = "astro-ph.SR",
 keywords = {hydrodynamics, H II regions, radiative transfer, stars: massive},
     year = 2010,
    month = mar,
   volume = 711,
    pages = {1017-1028},
      doi = {10.1088/0004-637X/711/2/1017},
   adsurl = {http://adsabs.harvard.edu/abs/2010ApJ...711.1017P},
  adsnote = {Provided by the SAO/NASA Astrophysics Data System}
}


@ARTICLE{Parravano2003,
   author = {{Parravano}, A. and {Hollenbach}, D.~J. and {McKee}, C.~F.},
    title = "{Time Dependence of the Ultraviolet Radiation Field in the Local Interstellar Medium}",
  journal = {\apj},
   eprint = {astro-ph/0202196},
 keywords = {ISM: Evolution, ISM: Structure, Stars: Formation, Stars: Luminosity Function, Mass Function},
     year = 2003,
    month = feb,
   volume = 584,
    pages = {797-817},
      doi = {10.1086/345807},
   adsurl = {http://adsabs.harvard.edu/abs/2003ApJ...584..797P},
  adsnote = {Provided by the SAO/NASA Astrophysics Data System}
}

@ARTICLE{Wolfire2003,
   author = {{Wolfire}, M.~G. and {McKee}, C.~F. and {Hollenbach}, D. and 
	{Tielens}, A.~G.~G.~M.},
    title = "{Neutral Atomic Phases of the Interstellar Medium in the Galaxy}",
  journal = {\apj},
   eprint = {astro-ph/0207098},
 keywords = {ISM: Clouds, ISM: General, ISM: Structure},
     year = 2003,
    month = apr,
   volume = 587,
    pages = {278-311},
      doi = {10.1086/368016},
   adsurl = {http://adsabs.harvard.edu/abs/2003ApJ...587..278W},
  adsnote = {Provided by the SAO/NASA Astrophysics Data System}
}


@ARTICLE{Wolfire1995,
   author = {{Wolfire}, M.~G. and {Hollenbach}, D. and {McKee}, C.~F. and 
	{Tielens}, A.~G.~G.~M. and {Bakes}, E.~L.~O.},
    title = "{The neutral atomic phases of the interstellar medium}",
  journal = {\apj},
 keywords = {Atomic Energy Levels, Gas Heating, Gas Temperature, Interstellar Matter, Ion Production Rates, Thermodynamic Equilibrium, Abundance, Cosmic Background Explorer Satellite, Cosmic X Rays, Metallicity, Particle Size Distribution, Phase Diagrams, Photoelectric Effect, Polycyclic Aromatic Hydrocarbons, Radiation Distribution},
     year = 1995,
    month = apr,
   volume = 443,
    pages = {152-168},
      doi = {10.1086/175510},
   adsurl = {http://adsabs.harvard.edu/abs/1995ApJ...443..152W},
  adsnote = {Provided by the SAO/NASA Astrophysics Data System}
}


@ARTICLE{Dalgarno&McCray1972,
   author = {{Dalgarno}, A. and {McCray}, R.~A.},
    title = "{Heating and Ionization of HI Regions}",
  journal = {\araa},
     year = 1972,
   volume = 10,
    pages = {375},
      doi = {10.1146/annurev.aa.10.090172.002111},
   adsurl = {http://adsabs.harvard.edu/abs/1972ARA%26A..10..375D},
  adsnote = {Provided by the SAO/NASA Astrophysics Data System}
}

@ARTICLE{Sutherland&Dopita1993,
   author = {{Sutherland}, R.~S. and {Dopita}, M.~A.},
    title = "{Cooling functions for low-density astrophysical plasmas}",
  journal = {\apjs},
 keywords = {Cooling Flows (Astrophysics), Cosmic Plasma, Nonequilibrium Ionization, One Dimensional Flow, Plasma Slabs, Radiative Transfer, Charge Exchange, Electron Impact, Grid Generation (Mathematics), Hydrogen Recombinations, Ionization, Mathematical Models, Metallicity, Photoionization, Radiative Recombination, Rarefied Plasmas, Resonance Lines},
     year = 1993,
    month = sep,
   volume = 88,
    pages = {253-327},
      doi = {10.1086/191823},
   adsurl = {http://adsabs.harvard.edu/abs/1993ApJS...88..253S},
  adsnote = {Provided by the SAO/NASA Astrophysics Data System}
}


@ARTICLE{NFW,
   author = {{Navarro}, J.~F. and {Frenk}, C.~S. and {White}, S.~D.~M.},
    title = "{The Structure of Cold Dark Matter Halos}",
  journal = {\apj},
   eprint = {astro-ph/9508025},
 keywords = {COSMOLOGY: THEORY, COSMOLOGY: DARK MATTER, GALAXIES: HALOS, METHODS: NUMERICAL},
     year = 1996,
    month = may,
   volume = 462,
    pages = {563},
      doi = {10.1086/177173},
   adsurl = {http://adsabs.harvard.edu/abs/1996ApJ...462..563N},
  adsnote = {Provided by the SAO/NASA Astrophysics Data System}
}

@ARTICLE{Kuijken&Gilmore1989,
   author = {{Kuijken}, K. and {Gilmore}, G.},
    title = "{The mass distribution in the galactic disc. I - A technique to determine the integral surface mass density of the disc near the sun.}",
  journal = {\mnras},
 keywords = {Computational Astrophysics, Density (Mass/Volume), Mass Distribution, Milky Way Galaxy, Sky Surveys (Astronomy), Solar Neighborhood, Disk Galaxies, F Stars, Galactic Mass, Gravitational Fields, K Stars, Southern Sky, Star Distribution},
     year = 1989,
    month = aug,
   volume = 239,
    pages = {571-603},
   adsurl = {http://adsabs.harvard.edu/abs/1989MNRAS.239..571K},
  adsnote = {Provided by the SAO/NASA Astrophysics Data System}
}

@ARTICLE{Waagan2011,
   author = {{Waagan}, K. and {Federrath}, C. and {Klingenberg}, C.},
    title = "{A robust numerical scheme for highly compressible magnetohydrodynamics: Nonlinear stability, implementation and tests}",
  journal = {Journal of Computational Physics},
archivePrefix = "arXiv",
   eprint = {1101.3007},
 primaryClass = "astro-ph.IM",
     year = 2011,
    month = may,
   volume = 230,
    pages = {3331-3351},
      doi = {10.1016/j.jcp.2011.01.026},
   adsurl = {http://adsabs.harvard.edu/abs/2011JCoPh.230.3331W},
  adsnote = {Provided by the SAO/NASA Astrophysics Data System}
}


@ARTICLE{FlashPerformance,
   author = {{Dubey}, A. and {Antypas}, K. and {Calder}, A. ~C. and {Daley}, C. and 
	{Fryxell}, B. and {Gallagher}, ~J.B. and {Lamb}, D.~Q and {Lee}, D. and 
	{Olson}, K. and {Reid}, L. and {Rich}, P. and {Ricker}, P.~M. and {Riley}, K.~M. 
	and {Rosner}, R. and {Siegel}, A. and {Taylor}, N.~T. and {Weide}, K. and {Timmes}, F.~X.
	and {Valdimirova}, N and {ZuHone}, J.},
    title = "{Evolution of FLASH, a multi-physics scientific simulation code for high-performance computing}",
  journal = {International Journal of High Performance Computing Applications},
 keywords = {FLASH, multi-physics, multi-scale},
     year = 2014,
    month = may,
   volume = 28,
    pages = {225-237},
      doi = {10.1177/1094342013505656},
}

@INPROCEEDINGS{Dubey2008,
   author = {{Dubey}, A. and {Fisher}, R. and {Graziani}, C. and {Jordan}, IV, G.~C. and 
	{Lamb}, D.~Q. and {Reid}, L.~B. and {Rich}, P. and {Sheeler}, D. and 
	{Townsley}, D. and {Weide}, K.},
    title = "{Challenges of Extreme Computing using the FLASH code}",
booktitle = {Numerical Modeling of Space Plasma Flows},
     year = 2008,
   series = {Astronomical Society of the Pacific Conference Series},
   volume = 385,
   editor = {{Pogorelov}, N.~V. and {Audit}, E. and {Zank}, G.~P.},
    month = apr,
    pages = {145},
   adsurl = {http://adsabs.harvard.edu/abs/2008ASPC..385..145D},
  adsnote = {Provided by the SAO/NASA Astrophysics Data System}
}

@ARTICLE{Flash,
   author = {{Fryxell}, B. and {Olson}, K. and {Ricker}, P. and {Timmes}, F.~X. and 
	{Zingale}, M. and {Lamb}, D.~Q. and {MacNeice}, P. and {Rosner}, R. and 
	{Truran}, J.~W. and {Tufo}, H.},
    title = "{FLASH: An Adaptive Mesh Hydrodynamics Code for Modeling Astrophysical Thermonuclear Flashes}",
  journal = {\apjs},
 keywords = {Equation of State, Hydrodynamics, Methods: Numerical, Nuclear Reactions, Nucleosynthesis, Abundances, Stars: General},
     year = 2000,
    month = nov,
   volume = 131,
    pages = {273-334},
      doi = {10.1086/317361},
   adsurl = {http://adsabs.harvard.edu/abs/2000ApJS..131..273F},
  adsnote = {Provided by the SAO/NASA Astrophysics Data System}
}

@ARTICLE{Gover&MacLow2007,
   author = {{Glover}, S.~C.~O. and {Mac Low}, M.-M.},
    title = "{Simulating the Formation of Molecular Clouds. I. Slow Formation by Gravitational Collapse from Static Initial Conditions}",
  journal = {\apjs},
   eprint = {astro-ph/0605120},
 keywords = {Astrochemistry, ISM: Clouds, ISM: Molecules, Molecular Processes},
     year = 2007,
    month = apr,
   volume = 169,
    pages = {239-268},
      doi = {10.1086/512238},
   adsurl = {http://adsabs.harvard.edu/abs/2007ApJS..169..239G},
  adsnote = {Provided by the SAO/NASA Astrophysics Data System}
}


@ARTICLE{Glover2010,
   author = {{Glover}, S.~C.~O. and {Federrath}, C. and {Mac Low}, M.-M. and 
	{Klessen}, R.~S.},
    title = "{Modelling CO formation in the turbulent interstellar medium}",
  journal = {\mnras},
archivePrefix = "arXiv",
   eprint = {0907.4081},
 primaryClass = "astro-ph.SR",
 keywords = {astrochemistry, molecular processes, methods: numerical, ISM: clouds, ISM: molecules},
     year = 2010,
    month = may,
   volume = 404,
    pages = {2-29},
      doi = {10.1111/j.1365-2966.2009.15718.x},
   adsurl = {http://adsabs.harvard.edu/abs/2010MNRAS.404....2G},
  adsnote = {Provided by the SAO/NASA Astrophysics Data System}
}

@ARTICLE{Wise&Abel2011,
   author = {{Wise}, J.~H. and {Abel}, T.},
    title = "{ENZO+MORAY: radiation hydrodynamics adaptive mesh refinement simulations with adaptive ray tracing}",
  journal = {\mnras},
archivePrefix = "arXiv",
   eprint = {1012.2865},
 primaryClass = "astro-ph.IM",
 keywords = {hydrodynamics, radiative transfer, methods: numerical},
     year = 2011,
    month = jul,
   volume = 414,
    pages = {3458-3491},
      doi = {10.1111/j.1365-2966.2011.18646.x},
   adsurl = {http://adsabs.harvard.edu/abs/2011MNRAS.414.3458W},
  adsnote = {Provided by the SAO/NASA Astrophysics Data System}
}

@ARTICLE{Bate2009,
   author = {{Bate}, M.~R.},
    title = "{The dependence of star formation on initial conditions and molecular cloud structure}",
  journal = {\mnras},
archivePrefix = "arXiv",
   eprint = {0905.3562},
 primaryClass = "astro-ph.SR",
 keywords = {hydrodynamics , binaries: general , stars: formation , stars: low-mass, brown dwarfs , stars: luminosity function, mass function , ISM: clouds},
     year = 2009,
    month = jul,
   volume = 397,
    pages = {232-248},
      doi = {10.1111/j.1365-2966.2009.14970.x},
   adsurl = {http://cdsads.u-strasbg.fr/abs/2009MNRAS.397..232B},
  adsnote = {Provided by the SAO/NASA Astrophysics Data System}
}

@ARTICLE{Girichidis2011,
   author = {{Girichidis}, P. and {Federrath}, C. and {Banerjee}, R. and 
	{Klessen}, R.~S.},
    title = "{Importance of the initial conditions for star formation - I. Cloud evolution and morphology}",
  journal = {\mnras},
archivePrefix = "arXiv",
   eprint = {1008.5255},
 primaryClass = "astro-ph.SR",
 keywords = {hydrodynamics, instabilities, turbulence, stars: formation, stars: massive, stars: statistics},
     year = 2011,
    month = jun,
   volume = 413,
    pages = {2741-2759},
      doi = {10.1111/j.1365-2966.2011.18348.x},
   adsurl = {http://adsabs.harvard.edu/abs/2011MNRAS.413.2741G},
  adsnote = {Provided by the SAO/NASA Astrophysics Data System}
}

@ARTICLE{Dale2014,
   author = {{Dale}, J.~E. and {Ngoumou}, J. and {Ercolano}, B. and {Bonnell}, I.~A.
	},
    title = "{Before the first supernova: combined effects of H II regions and winds on molecular clouds}",
  journal = {\mnras},
archivePrefix = "arXiv",
   eprint = {1404.6102},
 keywords = {stars: formation, ISM: bubbles, H II regions},
     year = 2014,
    month = jul,
   volume = 442,
    pages = {694-712},
      doi = {10.1093/mnras/stu816},
   adsurl = {http://adsabs.harvard.edu/abs/2014MNRAS.442..694D},
  adsnote = {Provided by the SAO/NASA Astrophysics Data System}
}

@ARTICLE{Bate95,
   author = {{Bate}, M.~R. and {Bonnell}, I.~A. and {Price}, N.~M.},
    title = "{Modelling accretion in protobinary systems}",
  journal = {\mnras},
   eprint = {astro-ph/9510149},
 keywords = {ACCRETION, ACCRETION DISCS, HYDRODYNAMICS, METHODS: NUMERICAL, BINARIES: CLOSE, STARS: FORMATION, ISM: CLOUDS},
     year = 1995,
    month = nov,
   volume = 277,
    pages = {362-376},
   adsurl = {http://adsabs.harvard.edu/abs/1995MNRAS.277..362B},
  adsnote = {Provided by the SAO/NASA Astrophysics Data System}
}

@ARTICLE{Federrath2010,
   author = {{Federrath}, C. and {Banerjee}, R. and {Clark}, P.~C. and {Klessen}, R.~S.
	},
    title = "{Modeling Collapse and Accretion in Turbulent Gas Clouds: Implementation and Comparison of Sink Particles in AMR and SPH}",
  journal = {\apj},
archivePrefix = "arXiv",
   eprint = {1001.4456},
 primaryClass = "astro-ph.SR",
 keywords = {accretion, accretion disks, hydrodynamics, ISM: kinematics and dynamics, methods: numerical, shock waves, stars: formation},
     year = 2010,
    month = apr,
   volume = 713,
    pages = {269-290},
      doi = {10.1088/0004-637X/713/1/269},
   adsurl = {http://adsabs.harvard.edu/abs/2010ApJ...713..269F},
  adsnote = {Provided by the SAO/NASA Astrophysics Data System}
}


@ARTICLE{Daley2012,
   author = {{Daley}, C. and {Vanella}, M. and {Dubey},S.  and {Weide},K.  and {Balaras}, E.},
    title = "{Optimization of multigrid based elliptic solver for large scale simulations in the FLASH code}",
	archivePrefix = "arXiv",
	 keywords = {scalability; multigrid; AMR; FLASH},
     year = 2012,
    month = feb,
   volume = 24,
    pages = {2346-2361},
}

@ARTICLE{Joung2012,
   author = {{Joung}, M.~R. and {Bryan}, G.~L. and {Putman}, M.~E.},
    title = "{Gas Condensation in the Galactic Halo}",
  journal = {\apj},
archivePrefix = "arXiv",
   eprint = {1105.4639},
 primaryClass = "astro-ph.CO",
 keywords = {Galaxy: formation, Galaxy: halo, ISM: clouds, methods: numerical},
     year = 2012,
    month = feb,
   volume = 745,
      eid = {148},
    pages = {148},
      doi = {10.1088/0004-637X/745/2/148},
   adsurl = {http://adsabs.harvard.edu/abs/2012ApJ...745..148J},
  adsnote = {Provided by the SAO/NASA Astrophysics Data System}
}

@ARTICLE{Avillez&Breitschwerdt2004,
   author = {{de Avillez}, M.~A. and {Breitschwerdt}, D.},
    title = "{Volume filling factors of the ISM phases in star forming galaxies. I. The role of the disk-halo interaction}",
  journal = {\aap},
   eprint = {astro-ph/0407034},
 keywords = {galaxies: ISM, galaxies: kinematics and dynamics, ISM: structure},
     year = 2004,
    month = oct,
   volume = 425,
    pages = {899-911},
      doi = {10.1051/0004-6361:200400025},
   adsurl = {http://adsabs.harvard.edu/abs/2004A%26A...425..899D},
  adsnote = {Provided by the SAO/NASA Astrophysics Data System}
}


@ARTICLE{Hill2012,
   author = {{Hill}, A.~S. and {Joung}, M.~R. and {Mac Low}, M.-M. and {Benjamin}, R.~A. and 
	{Haffner}, L.~M. and {Klingenberg}, C. and {Waagan}, K.},
    title = "{Vertical Structure of a Supernova-driven Turbulent, Magnetized Interstellar Medium}",
  journal = {\apj},
archivePrefix = "arXiv",
   eprint = {1202.0552},
 primaryClass = "astro-ph.GA",
 keywords = {Galaxy: disk, Galaxy: structure, ISM: kinematics and dynamics, ISM: structure, magnetohydrodynamics: MHD, turbulence},
     year = 2012,
    month = may,
   volume = 750,
      eid = {104},
    pages = {104},
      doi = {10.1088/0004-637X/750/2/104},
   adsurl = {http://adsabs.harvard.edu/abs/2012ApJ...750..104H},
  adsnote = {Provided by the SAO/NASA Astrophysics Data System}
}

@ARTICLE{Joung2009,
   author = {{Joung}, M.~R. and {Mac Low}, M.-M. and {Bryan}, G.~L.},
    title = "{Dependence of Interstellar Turbulent Pressure on Supernova Rate}",
  journal = {\apj},
archivePrefix = "arXiv",
   eprint = {0811.3747},
 keywords = {galaxies: formation, ISM: kinematics and dynamics, ISM: structure, methods: numerical, turbulence},
     year = 2009,
    month = oct,
   volume = 704,
    pages = {137-149},
      doi = {10.1088/0004-637X/704/1/137},
   adsurl = {http://adsabs.harvard.edu/abs/2009ApJ...704..137J},
  adsnote = {Provided by the SAO/NASA Astrophysics Data System}
}

@ARTICLE{JoungMacLow2006,
   author = {{Joung}, M.~K.~R. and {Mac Low}, M.-M.},
    title = "{Turbulent Structure of a Stratified Supernova-driven Interstellar Medium}",
  journal = {\apj},
   eprint = {astro-ph/0601005},
 keywords = {Hydrodynamics, ISM: Kinematics and Dynamics, ISM: Structure, Methods: Numerical, Turbulence},
     year = 2006,
    month = dec,
   volume = 653,
    pages = {1266-1279},
      doi = {10.1086/508795},
   adsurl = {http://adsabs.harvard.edu/abs/2006ApJ...653.1266J},
  adsnote = {Provided by the SAO/NASA Astrophysics Data System}
}


@ARTICLE{Sutter&Ricker2012,
   author = {{Sutter}, P.~M. and {Ricker}, P.~M.},
    title = "{A First Estimate of Radio Halo Statistics from Large-scale Cosmological Simulation}",
  journal = {\apj},
archivePrefix = "arXiv",
   eprint = {1110.2786},
 primaryClass = "astro-ph.CO",
 keywords = {galaxies: clusters: intracluster medium, hydrodynamics, magnetic fields, methods: numerical},
     year = 2012,
    month = nov,
   volume = 759,
      eid = {92},
    pages = {92},
      doi = {10.1088/0004-637X/759/2/92},
   adsurl = {http://adsabs.harvard.edu/abs/2012ApJ...759...92S},
  adsnote = {Provided by the SAO/NASA Astrophysics Data System}
}

@ARTICLE{Ekstrom2012,
   author = {{Ekstr{\"o}m}, S. and {Georgy}, C. and {Eggenberger}, P. and 
	{Meynet}, G. and {Mowlavi}, N. and {Wyttenbach}, A. and {Granada}, A. and 
	{Decressin}, T. and {Hirschi}, R. and {Frischknecht}, U. and 
	{Charbonnel}, C. and {Maeder}, A.},
    title = "{Grids of stellar models with rotation. I. Models from 0.8 to 120 M$_{⊙}$ at solar metallicity (Z = 0.014)}",
  journal = {\aap},
archivePrefix = "arXiv",
   eprint = {1110.5049},
 primaryClass = "astro-ph.SR",
 keywords = {stars: general, stars: evolution, stars: massive, stars: low-mass, stars: rotation},
     year = 2012,
    month = jan,
   volume = 537,
      eid = {A146},
    pages = {A146},
      doi = {10.1051/0004-6361/201117751},
   adsurl = {http://adsabs.harvard.edu/abs/2012A%26A...537A.146E},
  adsnote = {Provided by the SAO/NASA Astrophysics Data System}
}

@ARTICLE{Georgy2012,
   author = {{Georgy}, C. and {Ekstr{\"o}m}, S. and {Meynet}, G. and {Massey}, P. and 
	{Levesque}, E.~M. and {Hirschi}, R. and {Eggenberger}, P. and 
	{Maeder}, A.},
    title = "{Grids of stellar models with rotation. II. WR populations and supernovae/GRB progenitors at Z = 0.014}",
  journal = {\aap},
archivePrefix = "arXiv",
   eprint = {1203.5243},
 primaryClass = "astro-ph.SR",
 keywords = {gamma-ray burst: general, stars: evolution, stars: rotation, stars: Wolf-Rayet, supernovae: general},
     year = 2012,
    month = jun,
   volume = 542,
      eid = {A29},
    pages = {A29},
      doi = {10.1051/0004-6361/201118340},
   adsurl = {http://adsabs.harvard.edu/abs/2012A%26A...542A..29G},
  adsnote = {Provided by the SAO/NASA Astrophysics Data System}
}

@ARTICLE{Georgy2013,
   author = {{Georgy}, C. and {Ekstr{\"o}m}, S. and {Eggenberger}, P. and 
	{Meynet}, G. and {Haemmerl{\'e}}, L. and {Maeder}, A. and {Granada}, A. and 
	{Groh}, J.~H. and {Hirschi}, R. and {Mowlavi}, N. and {Yusof}, N. and 
	{Charbonnel}, C. and {Decressin}, T. and {Barblan}, F.},
    title = "{Grids of stellar models with rotation. III. Models from 0.8 to 120 M$_{⊙}$ at a metallicity Z = 0.002}",
  journal = {\aap},
archivePrefix = "arXiv",
   eprint = {1308.2914},
 primaryClass = "astro-ph.SR",
 keywords = {stars: general, stars: evolution, stars: rotation, stars: massive, stars: low-mass},
     year = 2013,
    month = oct,
   volume = 558,
      eid = {A103},
    pages = {A103},
      doi = {10.1051/0004-6361/201322178},
   adsurl = {http://adsabs.harvard.edu/abs/2013A%26A...558A.103G},
  adsnote = {Provided by the SAO/NASA Astrophysics Data System}
}